@article{seher2016icsgucu,
  title={{\.I}{\c{s}}g{\"u}c{\"u} piyasalar{\i}nda ayr{\i}mc{\i}l{\i}{\u{g}}{\i}n kaynaklar{\i}},
  author={Seher, ULU and KUTAN{\.I}S, Rana {\"O}ZEN},
  journal={Sel{\c{c}}uk {\"U}niversitesi Sosyal Bilimler Enstit{\"u}s{\"u} Dergisi},
  number={35},
  pages={359--372},
  year={2016}
}
@article{maktav2019icsgucu,
  title={{\.I}{\c{S}}G{\"U}C{\"U} P{\.I}YASASINDA C{\.I}NS{\.I}YET AYRIMCILI{\u{G}}ININ {\"U}CRET POL{\.I}T{\.I}KASINA YANSIMASI VE B{\.I}RLE{\c{S}}M{\.I}{\c{S}} M{\.I}LLETLER ANTLA{\c{S}}MALARINDAK{\.I} YER{\.I}},
  author={MAKTAV, Duygu Sezen},
  journal={Uluslararas{\i} Sa{\u{g}}l{\i}k Y{\"o}netimi ve Stratejileri Ara{\c{s}}t{\i}rma Dergisi},
  volume={5},
  number={2},
  pages={104--117},
  year={2019},
  publisher={Zekai {\"O}ZT{\"U}RK}
}
@article{stolzenberg1975education,
  title={Education, occupation, and wage differences between white and black men},
  author={Stolzenberg, Ross M},
  journal={American Journal of Sociology},
  volume={81},
  number={2},
  pages={299--323},
  year={1975},
  publisher={University of Chicago Press}
}
@article{blackaby1991industry,
  title={Industry characteristics and inter-regional wage differences},
  author={Blackaby, David H and Murphy, Philip D},
  journal={Scottish Journal of Political Economy},
  volume={38},
  number={2},
  pages={142--161},
  year={1991},
  publisher={Wiley Online Library}
}
@article{birdal2019tuketici,
  title={T{\"u}ketici Davran{\i}{\c{s}}lar{\i}nda Stat{\"u} Kayg{\i}s{\i} ve Sosyoekonomik Belirleyenleri},
  author={Birdal, Murat and Serdar, ACUN and Parla, ONUK},
  journal={Do{\u{g}}u{\c{s}} {\"U}niversitesi Dergisi},
  volume={20},
  number={2},
  pages={15--29},
  year={2019}
}
  